% This file was created with JabRef 2.9.2.
% Encoding: UTF8

@BOOK{depthMap1,
	title = {3D imaging in the studio and elsewhere},
	publisher = {Proc. SPIE.},
	year = {1994},
	author = {Iddan G.J., Yahav G.},
	pages = {48–55},
}

@BOOK{depthMap2,
	title = {3D analysis and imagebased rendering for immersive TV applications},
	year = {2002},
	author = {Fehn C., Cooke E., Schreer O.},
	pages = {705–715},
}

@ARTICLE{depthMap3,
	publisher ={Котюжанский Л.А.},
	title = {ВЫЧИСЛЕНИЕ КАРТЫ ГЛУБИНЫ СТЕРЕОИЗОБРАЖЕНИЯ НА ГРАФИЧЕСКОМ ПРОЦЕССОРЕ В РЕАЛЬНОМ ВРЕМЕНИ},
	year = {2012},
	pages = {444-449},
	url = {https://www.fundamental-research.ru/ru/article/view?id=30010}
}

@comment{jabref-meta: selector_publisher:}

@comment{jabref-meta: selector_author:}

@comment{jabref-meta: selector_journal:}

@comment{jabref-meta: selector_keywords:}

